@book{livro,
  title={Gest{\~a}o da Seguran{\c{c}}a da Informa{\c{c}}{\~a}o, uma vis{\~a}o executiva},
  author={Marcos S{\^e}mola},
  publisher =    {Elsevier Editora Ltda.},
  year={2003},
  edition =    {2nd}
}